@article{maaten2008visualizing,
  title   = {Visualizing data using t-SNE},
  author  = {Maaten, Laurens van der and Hinton, Geoffrey},
  journal = {Journal of machine learning research},
  volume  = {9},
  number  = {Nov},
  pages   = {2579--2605},
  year    = {2008}
}